@article{history:search, % DONE
    author = {Claud E. Shannon},
    title = {XXII. Programming a Computer for Playing Chess},
    journal = {Bell Telephone Laboratories},
    volume = {41},
    number = {314},
    pages = {2-5},
    date = {1949-11}
}
@online{craftychess:board, % DONE
    author = {Tracy Riegle},
    title = {Chess Program Board representations},
    organization = {Crafty Chess},
    date = {2016-09-21},
    url = {https://craftychess.com/hyatt/boardrep.html},
    urldate = {2022-10-13}
}
@misc{chessprog,
    title = {Main page},
    year = {2021},
    url = {https://www.chessprogramming.org/Main_Page}
}
@online{chessprog:eval, % DONE
    title = {Evaluation},
    organization = {Chess programming wiki},
    date = {2021-09-09},
    url = {https://www.chessprogramming.org/Evaluation},
    urldate = {2022-10-12}
}
@online{chessprog:board, % DONE
    title = {Board Representation},
    organization = {Chess programming wiki},
    date = {2020-01-28},
    url = {https://www.chessprogramming.org/Board_Representation},
    urldate = {2022-10-13}
}
@online{chessprog:search, % DONE
    title = {Search},
    organization = {Chess programming wiki},
    date = {2022-02-04},
    url = {https://www.chessprogramming.org/Search},
    urldate = {2022-10-13}
}
@online{popularity, % DONE
    author = {Yona Litwin},
    title = {The rise of chess into the mainstream},
    organization = {The science survey},
    date = {2021-03-13},
    url = {https://thesciencesurvey.com/sports/2021/03/13/the-rise-of-chess-into-the-mainstream/},
    urldate = {2022-10-06}
}
@online{ordo, % DONE
    author = {Miguel Ballicora},
    Organization = {Ordo},
    date = {2016-04-19},
    url = {https://sites.google.com/site/gaviotachessengine/ordo},
    urldate = {2022-10-13}
}
@online{wiki:PGN, % DONE
    title = {Portable Game Notation},
    organization = {Wikipedia},
    date = {2022-08-02},
    url = {https://en.wikipedia.org/wiki/Portable_Game_Notation},
    urldate = {2022-10-13}
}
@online{wiki:algebra,
    title = {Algebraic notation (chess)},
    organization = {Wikipedia},
    date = {2022-10-31},
    url = {https://en.wikipedia.org/wiki/Algebraic_notation_(chess)},
    urldate = {2022-11-01}
}
@online{golang, % DONE
    organization = {Golang},
    date = {2022-08-02},
    url = {https://go.dev/},
    urldate = {2022-10-12}
}
@online{fyne, % DONE
    organization = {Fyne},
    date = {2022-06-30},
    url = {https://developer.fyne.io/},
    urldate = {2022-10-04}
}
@online{lichess, % DONE
    organization = {Lichess},
    date = {2022-07-04},
    url = {https://lichess.org/},
    urldate = {2022-10-12}
}
@online{chess.com, % DONE
    organization = {chess.com},
    date = {2022-11-02},
    url = {https://www.chess.com/},
    urldate = {2022-10-12}
}
@online{chess24, % DONE
    organization = {chess24},
    date = {2022-02-28},
    url = {https://new.chess24.com/},
    urldate = {2022-10-12}
}
@online{vscode, % DONE
    organization = {Visual Studio Code},
    date = {2021-11-03},
    url = {https://code.visualstudio.com/},
    urldate = {2022-10-04}
}
@online{vscode:languages, % DONE
    title = {Programming lanuages},
    organization = {Visual Studio Code},
    date = {2021-11-03},
    url = {https://code.visualstudio.com/docs/languages/overview},
    urldate = {2022-10-12}
}
@online{cutechess, % DONE
    Author = {Ilari Pihlajisto and Arto Jonsson},
    organization = {Cute Chess},
    date = {2020-08-09},
    url = {https://cutechess.com/},
    urldate = {2022-10-24}
}
@online{AHK, % DONE
    organization = {AutoHotKey},
    date = {2022-10-30},
    url = {https://www.autohotkey.com/},
    urldate = {2022-10-24}
}
@online{ccrl, % DONE
    author = {Graham Banks and Ray Banks and Sarah Bird and Kirill Kryukov and Charles Smith},
    organization = {CCRL},
    date = {2022-10-29},
    url = {https://www.computerchess.org.uk/ccrl/},
    urldate = {2022-10-23}
}
@online{gantt,
    organization = {Instagantt},
    date = {2022-10-31},
    url = {https://instagantt.com/},
    urldate = {2022-11-02}
}
@article{Go:popularity, % DONE
    title = {Why Go? 8 Engineers Discuss Golangâ€™s Advantages and How They Use It.},
    journal = {Built in},
    date = {2021-07-11},
    url = {https://builtin.com/software-engineering-perspectives/golang-advantages},
    urldate = {2022-10-12}
}